@article{Kabuss2015,
  title = {Analytical study of quantum-feedback-enhanced Rabi oscillations},
  author = {Kabuss, Julia and Krimer, Dmitry O. and Rotter, Stefan and Stannigel, Kai and Knorr, Andreas and Carmele, Alexander},
  journal = {Phys. Rev. A},
  volume = {92},
  issue = {5},
  pages = {053801},
  numpages = {6},
  year = {2015},
  month = {Nov},
  publisher = {American Physical Society},
  doi = {10.1103/PhysRevA.92.053801},
  url = {https://link.aps.org/doi/10.1103/PhysRevA.92.053801}
}

@article{Dorner2002,
  title = {Laser-driven atoms in half-cavities},
  author = {Dorner, U. and Zoller, P.},
  journal = {Phys. Rev. A},
  volume = {66},
  issue = {2},
  pages = {023816},
  numpages = {20},
  year = {2002},
  month = {Aug},
  publisher = {American Physical Society},
  doi = {10.1103/PhysRevA.66.023816},
  url = {https://link.aps.org/doi/10.1103/PhysRevA.66.023816}
}

@article{Blow1990,
author = {Blow, K J and Loudon, Rodney and Phoenix, Simon J D and Shepherd, T J},
doi = {10.1103/PhysRevA.42.4102},
journal = {Phys. Rev. A},
mendeley-groups = {!!!Papers/!!!TM paper},
number = {7},
pages = {4102--4114},
publisher = {American Physical Society},
title = {{Continuum fields in quantum optics}},
url = {https://link.aps.org/doi/10.1103/PhysRevA.42.4102},
volume = {42},
year = {1990}
}

@article{Lloyd2000,
  title = {Coherent quantum feedback},
  author = {Lloyd, Seth},
  journal = {Phys. Rev. A},
  volume = {62},
  issue = {2},
  pages = {022108},
  numpages = {12},
  year = {2000},
  month = {Jul},
  publisher = {American Physical Society},
  doi = {10.1103/PhysRevA.62.022108},
  url = {https://link.aps.org/doi/10.1103/PhysRevA.62.022108}
}

@article{Wiseman1994,
  title = {All-optical versus electro-optical quantum-limited feedback},
  author = {Wiseman, H. M. and Milburn, G. J.},
  journal = {Phys. Rev. A},
  volume = {49},
  issue = {5},
  pages = {4110--4125},
  numpages = {0},
  year = {1994},
  month = {May},
  publisher = {American Physical Society},
  doi = {10.1103/PhysRevA.49.4110},
  url = {https://link.aps.org/doi/10.1103/PhysRevA.49.4110}
}

@article{Eschner2001,
	author = "Eschner, J. and Raab, Ch. and Schmidt-Kaler, F. and Blatt, R.",
	doi = "https://doi.org/10.1038/35097017 10.1038/35097017",
	journal = "Nature",
	month = "oct",
	pages = "495",
	publisher = "Macmillan Magazines Ltd.",
	title = "{Light interference from single atoms and their mirror images}",
	volume = "413",
	year = "2001"
}

@article{Beige2002,
  title = {Spontaneous emission of an atom in front of a mirror},
  author = {Beige, Almut and Pachos, Jiannis and Walther, Herbert},
  journal = {Phys. Rev. A},
  volume = {66},
  issue = {6},
  pages = {063801},
  numpages = {7},
  year = {2002},
  month = {Dec},
  publisher = {American Physical Society},
  doi = {10.1103/PhysRevA.66.063801},
  url = {https://link.aps.org/doi/10.1103/PhysRevA.66.063801}
}

@article{Tufarelli2014,
  title = {Non-Markovianity of a quantum emitter in front of a mirror},
  author = {Tufarelli, Tommaso and Kim, M. S. and Ciccarello, Francesco},
  journal = {Phys. Rev. A},
  volume = {90},
  issue = {1},
  pages = {012113},
  numpages = {7},
  year = {2014},
  month = {Jul},
  publisher = {American Physical Society},
  doi = {10.1103/PhysRevA.90.012113},
  url = {https://link.aps.org/doi/10.1103/PhysRevA.90.012113}
}

@article{Gough2009,
  title = {Enhancement of field squeezing using coherent feedback},
  author = {Gough, J. E. and Wildfeuer, S.},
  journal = {Phys. Rev. A},
  volume = {80},
  issue = {4},
  pages = {042107},
  numpages = {8},
  year = {2009},
  month = {Oct},
  publisher = {American Physical Society},
  doi = {10.1103/PhysRevA.80.042107},
  url = {https://link.aps.org/doi/10.1103/PhysRevA.80.042107}
}

@article{Mabuchi2008,
  title = {Coherent-feedback quantum control with a dynamic compensator},
  author = {Mabuchi, Hideo},
  journal = {Phys. Rev. A},
  volume = {78},
  issue = {3},
  pages = {032323},
  numpages = {5},
  year = {2008},
  month = {Sep},
  publisher = {American Physical Society},
  doi = {10.1103/PhysRevA.78.032323},
  url = {https://link.aps.org/doi/10.1103/PhysRevA.78.032323}
}

@article{Gough2008,
  title = {Linear quantum feedback networks},
  author = {Gough, J. E. and Gohm, R. and Yanagisawa, M.},
  journal = {Phys. Rev. A},
  volume = {78},
  issue = {6},
  pages = {062104},
  numpages = {11},
  year = {2008},
  month = {Dec},
  publisher = {American Physical Society},
  doi = {10.1103/PhysRevA.78.062104},
  url = {https://link.aps.org/doi/10.1103/PhysRevA.78.062104}
}

@article{Iida2012,
archivePrefix = {arXiv},
arxivId = {1103.1324},
author = {Iida, Sanae and Yukawa, Mitsuyoshi and Yonezawa, Hidehiro and Yamamoto, Naoki and Furusawa, Akira},
doi = {10.1109/TAC.2012.2195831},
eprint = {1103.1324},
issn = {00189286},
journal = {IEEE Trans. Automat. Contr.},
keywords = {(),Quantum Physics},
pages = {2045},
title = {{Experimental demonstration of coherent feedback control on optical field squeezing}},
url = {http://arxiv.org/abs/1103.1324},
volume = {57},
year = {2012}
}

@article{Nemet2016,
  title = {Enhanced optical squeezing from a degenerate parametric amplifier via time-delayed coherent feedback},
  author = {N\'emet, Nikolett and Parkins, Scott},
  journal = {Phys. Rev. A},
  volume = {94},
  issue = {2},
  pages = {023809},
  numpages = {12},
  year = {2016},
  month = {Aug},
  publisher = {American Physical Society},
  doi = {10.1103/PhysRevA.94.023809},
  url = {https://link.aps.org/doi/10.1103/PhysRevA.94.023809}
}

@article{Kraft2016,
  title = {Time-delayed quantum coherent Pyragas feedback control of photon squeezing in a degenerate parametric oscillator},
  author = {Kraft, Manuel and Hein, Sven M. and Lehnert, Judith and Sch\"oll, Eckehard and Hughes, Stephen and Knorr, Andreas},
  journal = {Phys. Rev. A},
  volume = {94},
  issue = {2},
  pages = {023806},
  numpages = {11},
  year = {2016},
  month = {Aug},
  publisher = {American Physical Society},
  doi = {10.1103/PhysRevA.94.023806},
  url = {https://link.aps.org/doi/10.1103/PhysRevA.94.023806}
}

@article{Jacobs2014,
archivePrefix = {arXiv},
arxivId = {1211.1724},
author = {Jacobs, Kurt and Wang, Xiaoting and Wiseman, Howard M.},
doi = {10.1088/1367-2630/16/7/073036},
eprint = {1211.1724},
issn = {13672630},
journal = {New J. Phys.},
keywords = {quantum control,quantum measurement,quantum open systems},
pages = {073036},
publisher = {IOP Publishing},
title = {{Coherent feedback that beats all measurement-based feedback protocols}},
volume = {16},
year = {2014}
}
